%% report.bib - contains BiBtex input for bibliography

@inproceedings{JAO2017,
  title={Convolutional neural networks for an automatic classification of prostate tissue slides with high-grade gleason score},
  author={Jim{\'e}nez-del{-Toro}, Oscar and Atzori, Manfredo and Ot{\'a}lora, Sebastian and Andersson, Mats and Eur{\'e}n, Kristian and Hedlund, Martin and R{\"o}nnquist, Peter and M{\"u}ller, Henning},
  booktitle={Medical Imaging 2017: Digital Pathology},
  volume={10140},
  pages={101400O},
  year={2017},
  organization={International Society for Optics and Photonics}
}

@incollection{JOA2017,
  title={Analysis of histopathology images: From traditional machine learning to deep learning},
  author={Jimenez-del-Toro, Oscar and Ot{\'a}lora, Sebastian and Andersson, Mats and Eur{\'e}n, Kristian and Hedlund, Martin and Rousson, Mikael and M{\"u}ller, Henning and Atzori, Manfredo},
  booktitle={Biomedical Texture Analysis},
  pages={281--314},
  year={2017},
  publisher={Elsevier}
}

@INPROCEEDINGS{OPA2018,
author={{Ot\'alora}, Sebastian and {Perdomo}, Oscar and {Atzori}, Manfredo and {Andersson}, Mats and {Jacobsson}, Ludwig and {Hedlund}, Martin and {Müller}, Henning},
booktitle={2018 IEEE 15th International Symposium on Biomedical Imaging (ISBI 2018)},
title={Determining the scale of image patches using a deep learning approach},
year={2018},
volume={},
number={},
pages={843-846},
doi={10.1109/ISBI.2018.8363703},
ISSN={1945-8452},
month={April},}

@inproceedings{MAJ2020,
author = {Müller, Henning and Andrearczyk, Vincent and Jimenez-del-Toro, Oscar and Dhrangadhariya, Anjani and Schaer, Roger and Atzori, Manfredo},
year = {2020},
month = {11},
pages = {},
title = {Studying Public Medical Images from the Open Access Literature and Social Networks for Model Training and Knowledge Extraction}
}

@article{DMI2018,
  title={A Deep Learning Method to Automatically Identify Reports of Scientifically Rigorous Clinical Research from the Biomedical Literature: Comparative Analytic Study},
  author={Del Fiol, Guilherme and Michelson, Matthew and Iorio, Alfonso and Cotoi, Chris and Haynes, R Brian},
  journal={Journal of medical Internet research},
  volume={20},
  number={6},
  pages={e10281},
  year={2018},
  publisher={JMIR Publications Inc., Toronto, Canada}
}

@article{SLW2018,
  title={Utilization of electronic medical records and biomedical literature to support the diagnosis of rare diseases using data fusion and collaborative filtering approaches},
  author={Shen, Feichen and Liu, Sijia and Wang, Yanshan and Wen, Andrew and Wang, Liwei and Liu, Hongfang},
  journal={{JMIR} Medical Informatics},
  volume={6},
  number={4},
  pages={e11301},
  year={2018},
  publisher={JMIR Publications Inc., Toronto, Canada}
}

@book{Mittelbach04, 
	author = "Frank Mittelbach and Michel Goossens and Johannes Braams and David Carlisle", 
	title  = "The LaTeX Companion", 
	publisher= "Addison-Wesley", 
	address= "Reading, Mass.",
	edition= "second", 
	year   = "2004"	} 
	
@article{chicco2017ten,
  title={Ten quick tips for machine learning in computational biology},
  author={Chicco, Davide},
  journal={BioData mining},
  volume={10},
  number={1},
  pages={35},
  year={2017},
  publisher={BioMed Central}
}

@incollection{Gull89a, 
	author = "S. F. Gull", 
	title  = "Developments in maximum-entropy data analysis", 
	booktitle= " Maximum Entropy and Bayesian Methods", 
	editor = "J. Skilling", 
	pages  = "53-71 ", 
	publisher= "Kluwer Academic",
	address= "Dordrecht", 
	year   = "1989"	} 
 
@inproceedings{Hanson93c, 
	author = "K. M. Hanson", 
	title  = "Introduction to {B}ayesian image analysis", 
	booktitle= "Medical Imaging:\ Image Processing",
	editor = "M.\ H. Loew",
	series = "Proc. SPIE", 
	volume = "1898",
	pages  = "716-731", 
	year   = "1993"	} 

@article{Metropolis53, 
	author = "N. Metropolis and A. W. Rosenbluth and M. N. Rosenbluth and A. H. Teller and E. Teller", 
	title  = "Equations of state calculations by fast computing machine", 
	journal= "J. Chem. Phys.",  
	volume = "21", 
	pages  = "1087-1091", 
	year   = "1953"	} 

@misc{Lees-Miller-LaTeX-course-1,
    author = {John D Lees-Miller},
    title = {{Free and Interactive Online Introduction to LaTeX}},
    howpublished = "Overleaf, 26 February 2015  \url{https://www.overleaf.com/latex/learn/free-online-introduction-to-latex-part-1}", 
    note = "(Accessed: 15 September 2015)" }
    
@article{SiZ2014,
  title={Very deep convolutional networks for large-scale image recognition},
  author={Simonyan, Karen and Zisserman, Andrew},
  journal={arXiv preprint arXiv:1409.1556},
  year={2014}
}

@article{GCB2017,
  title={Burden and centralised treatment in Europe of rare tumours: results of RARECAREnet—a population-based study},
  author={Gatta, Gemma and Capocaccia, Riccardo and Botta, Laura and Mallone, Sandra and De Angelis, Roberta and Ardanaz, Eva and Comber, Harry and Dimitrova, Nadya and Leinonen, Maarit K and Siesling, Sabine and others},
  journal={The Lancet Oncology},
  volume={18},
  number={8},
  pages={1022--1039},
  year={2017},
  publisher={Elsevier}
}

@article{PBP2018,
  title={Patient derived organoids to model rare prostate cancer phenotypes},
  author={Puca, Loredana and Bareja, Rohan and Prandi, Davide and Shaw, Reid and Benelli, Matteo and Karthaus, Wouter R and Hess, Judy and Sigouros, Michael and Donoghue, Adam and Kossai, Myriam and others},
  journal={Nature communications},
  volume={9},
  number={1},
  pages={2404},
  year={2018},
  publisher={Nature Publishing Group}
}

@article{SAB2019,
  title={Database resources of the national center for biotechnology information},
  author={Sayers, Eric W. and Agarwala, Richa and Bolton, Evan E. and Brister, J Rodney and Canese, Kathi and Clark, Karen and Connor, Ryan and Fiorini, Nicolas and Funk, Kathryn and Hefferon, Timothy and others},
  journal={Nucleic acids research},
  volume={47},
  number={Database issue},
  pages={D23},
  year={2019},
  publisher={Oxford University Press}
}

@article{KGD2015,
  title={Evaluating performance of biomedical image retrieval systems—an overview of the medical image retrieval task at ImageCLEF 2004--2013},
  author={Kalpathy-Cramer, Jayashree and Garc{\'\i}a Seco de Herrera, Alba and Demner-Fushman, Dina and Antani, Sameer and Bedrick, Steven and M{\"u}ller, Henning},
  journal={Computerized Medical Imaging and Graphics},
  volume={39},
  pages={55--61},
  year={2015},
  publisher={Elsevier}
}

@misc{PMCOA,
  author = {PubMed},
  title = {{Open Access Subset}},
  howpublished = "\url{https://www.ncbi.nlm.nih.gov/pmc/tools/openftlist/}",
  note = "[Online; accessed 20-July-2019]"
}

% 22464129 
@Article{pmid22464129,
   Author="Liu, H.  and Christiansen, T.  and Baumgartner, W. A.  and Verspoor, K. ",
   Title="{{B}io{L}emmatizer: a lemmatization tool for morphological processing of biomedical text}",
   Journal="J Biomed Semantics",
   Year="2012",
   Volume="3",
   Pages="3",
   Month="Apr"
}

@article{bojanowski2017enriching,
  title={Enriching Word Vectors with Subword Information},
  author={Bojanowski, Piotr and Grave, Edouard and Joulin, Armand and Mikolov, Tomas},
  journal={Transactions of the Association for Computational Linguistics},
  volume={5},
  year={2017},
  issn={2307-387X},
  pages={135--146}
}

@misc{PMCstop,
  author = {PubMed},
  title = {{PubMed Bookshelf: Stopwords}},
  howpublished = "\url{https://www.ncbi.nlm.nih.gov/books/NBK3827/table/pubmedhelp.T.stopwords/}",
  note = "[Online; accessed 20-July-2019]"
}

% 10928714 
@Article{mesh,
   Author="Lipscomb, C. E. ",
   Title="{{M}edical {S}ubject {H}eadings ({M}e{S}{H})}",
   Journal="Bull Med Libr Assoc",
   Year="2000",
   Volume="88",
   Number="3",
   Pages="265--266",
   Month="Jul"
}

@Article{word2vec,
   author = "Tomas Mikolov  and
      Ilya Sutskever  and
      Kai Chen and Greg Corrado and Jeffrey Dean",
   Title="Distributed Representations of Words and Phrases and their Compositionality.",
   Journal="NIPS'13 Proceedings of the 26th International Conference on Neural Information Processing Systems",
   Year="2013",
   Volume="2",
   Pages="3111--3119",
   Month="Dec"
}

@inproceedings{pennington-etal-2014-glove,
    title = "{G}love: Global Vectors for Word Representation",
    author = "Pennington, Jeffrey  and
      Socher, Richard  and
      Manning, Christopher",
    booktitle = "Proceedings of the 2014 Conference on Empirical Methods in Natural Language Processing ({EMNLP})",
    month = oct,
    year = "2014",
    address = "Doha, Qatar",
    publisher = "Association for Computational Linguistics",
    url = "https://www.aclweb.org/anthology/D14-1162",
    doi = "10.3115/v1/D14-1162",
    pages = "1532--1543",
}

@inproceedings{bio2vec,
    title = "Distributional Semantics Resources for Biomedical Text Processing",
    author = "Pyysalo, S.  and
      Ginter, F. and
      Moen, H. and Salakoski, T. and Ananiadou, S.",
    booktitle = "Proceedings of the 5th International Symposium on Languages in Biology and Medicine (LBM '13)",
    year = "2013",
    url = "http://bio.nlplab.org/pdf/pyysalo13literature.pdf",
    pages = "39--44",
}

@inproceedings{tfidfBow,
    title = "A study of term weighting schemes using class information for text classification",
    author = "Youngjoong Ko",
    booktitle = "SIGIR '12 Proceedings of the 35th international ACM SIGIR conference on Research and development in information retrieval",
    month= "Aug",
    year = "2012",
    pages = "1029--1030 ",
}

% 28412964 
@Article{pmid28412964,
   Author="Mao, Y.  and Lu, Z. ",
   Title="{{M}e{S}{H} {N}ow: automatic {M}e{S}{H} indexing at {P}ub{M}ed scale via learning to rank}",
   Journal="J Biomed Semantics",
   Year="2017",
   Volume="8",
   Number="1",
   Pages="15",
   Month="Apr"
}

% 29732008 
@Article{pmid29732008,
   Author="Rossi, M.  and Botta, C.  and Arbitrio, M.  and Grembiale, R. D.  and Tagliaferri, P.  and Tassone, P. ",
   Title="{{M}ouse models of multiple myeloma: technologic platforms and perspectives}",
   Journal="Oncotarget",
   Year="2018",
   Volume="9",
   Number="28",
   Pages="20119--20133",
   Month="Apr"
}
@inproceedings{AnM2018,
  title={Deep multimodal classification of image types in biomedical journal figures},
  author={Andrearczyk, Vincent and M{\"u}ller, Henning},
  booktitle={International Conference of the Cross-Language Evaluation Forum for European Languages},
  pages={3--14},
  year={2018},
  organization={Springer}
}

@inproceedings{HLW2017,
title={Densely connected convolutional networks},
author={Huang, Gao and Liu, Zhuang and Weinberger, Kilian Q. and van der Maaten, Laurens},
booktitle={Proceedings of the IEEE Conference on Computer Vision and Pattern Recognition},
year={2017}
}


@inproceedings{IMV2018,
	author = {Bogdan Ionescu and Henning M\"uller and Mauricio Villegas and Alba Garc\'ia Seco de Herrera and Carsten Eickhoff and Vincent Andrearczyk and Yashin {Dicente Cid} and Vitali Liauchuk and Vassili Kovalev and Sadid A. Hasan and Yuan Ling and Oladimeji Farri and Joey Liu and Matthew Lungren and Duc-Tien Dang-Nguyen and Luca Piras and Michael Riegler and Liting Zhou and Mathias Lux and Cathal Gurrin},
	title = {{Overview of ImageCLEF 2018}: Challenges, Datasets and Evaluation},
	booktitle = {Experimental IR Meets Multilinguality, Multimodality, and Interaction},
	series = {Proceedings of the Ninth International Conference of the CLEF Association (CLEF 2018)},
	year = {2018},
	volume = {},
	publisher = {{LNCS} Lecture Notes in Computer Science, Springer},
	pages = {},
	month = {September 10-14},
	address = {Avignon, France}
}

% 27433512 
@Article{pmid27433512,
   Author="Dey Sarkar, S.  and Goswami, S.  and Agarwal, A.  and Aktar, J. ",
   Title="{{A} {N}ovel {F}eature {S}election {T}echnique for {T}ext {C}lassification {U}sing {N}aïve {B}ayes}",
   Journal="Int Sch Res Notices",
   Year="2014",
   Volume="2014",
   Pages="717092"
}

@inproceedings{le2014distributed,
  title={Distributed representations of sentences and documents},
  author={Le, Quoc and Mikolov, Tomas},
  booktitle={International conference on machine learning},
  pages={1188--1196},
  year={2014}
}

@inproceedings{pennington2014glove,
  author = {Jeffrey Pennington and Richard Socher and Christopher D. Manning},
  booktitle = {Empirical Methods in Natural Language Processing (EMNLP)},
  title = {GloVe: Global Vectors for Word Representation},
  year = {2014},
  pages = {1532--1543},
  url = {http://www.aclweb.org/anthology/D14-1162},
}

@article{arevalo2017gated,
  title={Gated multimodal units for information fusion},
  author={Arevalo, John and Solorio, Thamar and Montes-y-G{\'o}mez, Manuel and Gonz{\'a}lez, Fabio A},
  journal={arXiv preprint arXiv:1702.01992},
  year={2017}
}

@article{KKL2016,
  title={An ensemble of fine-tuned convolutional neural networks for medical image classification},
  author={Kumar, Ashnil and Kim, Jinman and Lyndon, David and Fulham, Michael and Feng, Dagan},
  journal={IEEE journal of biomedical and health informatics},
  volume={21},
  number={1},
  pages={31--40},
  year={2016},
  publisher={IEEE}
}